@article{murphyTrandel_1994,
  author = {Murphy, Robert G, and Trandel, Gregory A.},
  title = {The Relation between a University's Football Record and the Size of Its Applicant Pool},
  journal = {Economics of Education Review},
  year = {1994},
  volume = {13},
  pages = {265--270}
},

@article{popePope_2009,
  author = {Pope, Devin G, and Pope, Jaren C.},
  title = {The Impact of College Sports Success on the Quantity and Quality of Student Applications},
  journal = {Southern Economic Journal},
  year = {2009},
  volume = {75},
  pages = {750--780}
},

@article{jones_2010,
  author = {Jones, Willis A.},
  title = {Football and Freshmen Retention: Examining the Impact of College Football on Institutional Retention Rates},
  journal = {Journal of College Student Retention : Research, Theory & Practice},
  year = {2010},
  volume = {11},
  pages = {551--564}
},

@article{chung_2013,
  author = {Doug J. Chung.},
  title = {The Dynamic Advertising Effect of Collegiate Athletics},
  journal = {Marketing Science (Providence, R.I.)},
  year = {2013},
  volume = {32},
  pages = {679--698}
},

@article{popePope_2014,
  author = {Pope, Devin G, and Pope, Jaren C.},
  title = {Understanding College Application Decisions},
  journal = {Journal of Sports Economics},
  year = {2014},
  volume = {15},
  pages = {107--131}
},

@article{baumerZimbalist_2019,
  author = {Baumer, Benjamin, and Zimbalist, Andrew},
  title = {The Impact of College Athletic Success on Donations and Applicant Quality},
  journal = {International Journal of Financial Studies},
  year = {2019},
  volume = {7},
  pages = {19--42}
},

@article{eggersEtAl_2020,
  author = {Eggers, Austin F, et al.},
  title = {Universities Behaving Badly: The Impact of Athletic Malfeasance on Student Quality and Enrollment},
  journal = {Journal of Sports Economics},
  year = {2020},
  volume = {21},
  pages = {87--100}
},


